
@Article{Theodoros2000regularization,
  author    = {Theodoros Evgeniou and Massimiliano Pontil and Tomaso Poggio},
  title     = {Regularization networks and {S}upport {V}ector {M}achines},
  journal   = {Advances in Computational Mathematics},
  year      = {2000},
  volume    = {13},
  pages     = {1--50},
  owner     = {Administrator},
  timestamp = {2012.02.16},
}

@Article{Messem2010arcr,
  author    = {Arnout Van Messem and Andreas Christmann},
  title     = {A review on consistency and robustness properties of support vector machines for heavy-tailed distributions},
  journal   = {Advances in Data Analysis and Classification},
  year      = {2010},
  volume    = {4},
  number    = {2-3},
  pages     = {199--220},
  owner     = {Administrator},
  timestamp = {2013.06.20},
}

@Article{quoc2007learning,
  author  = {Christopher J. Burges and Robert Ragno and Quoc V. Le},
  title   = {Learning to rank with nonsmooth cost functions},
  journal = {Advances in Neural Information Processing Systems 20 (NIPS 2007)},
  year    = {2007},
  volume  = {19},
  pages   = {193--200},
}

@article{franc2005optimization,
  title={Optimization algorithms for kernel methods},
  author={Vojtech Franc},
  journal={Prague: A PhD dissertation. Czech Technical University},
  year={2005}
}

@Article{Koltchinskii2002,
  author    = {Vladimir Koltchinskii and Dmitry Panchenko},
  title     = {Empirical margin distributions and bounding the generalization error of combined classifiers},
  journal   = {Annals of Statistics},
  year      = {2002},
  pages     = {1--50},
  publisher = {JSTOR},
}

@Article{winkelbauer2012moments,
  author  = {Andreas Winkelbauer},
  title   = {Moments and absolute moments of the normal distribution},
  journal = {arXiv preprint arXiv:1209.4340},
  year    = {2012},
}

@Article{Christmann2007crkbr,
  author    = {Andreas Christmann and Ingo Steinwart},
  title     = {Consistency and robustness of kernel based regression},
  journal   = {Bernoulli},
  year      = {2007},
  volume    = {13},
  pages     = {799--819},
  owner     = {Administrator},
  timestamp = {2013.06.17},
}

@Article{bousquet2002bennett,
  author    = {Olivier Bousquet},
  title     = {A {Bennett} concentration inequality and its application to suprema of empirical processes},
  journal   = {Comptes Rendus Mathematique},
  year      = {2002},
  volume    = {334},
  number    = {6},
  pages     = {495--500},
  owner     = {liuyonghushan},
  publisher = {Elsevier},
  timestamp = {2015.08.23},
}

@Article{Mendelson2002gpkm,
  author    = {Shahar Mendelson},
  title     = {Geometric parameters of kernel machines},
  journal   = {Computational Learning Theory},
  year      = {2002},
  volume    = {2375},
  pages     = {29--43},
  owner     = {Administrator},
  timestamp = {2014.01.08},
}

@Article{pakes1989simulation,
  author    = {Ariel Pakes and David Pollard},
  title     = {Simulation and the asymptotics of optimization estimators},
  journal   = {Econometrica: Journal of the Econometric Society},
  year      = {1989},
  volume    = {57},
  pages     = {1027--1057},
  publisher = {JSTOR},
}

@Article{adler2002review,
  author    = {Nicole Adler and Lea Friedman and Zilla Sinuany-Stern},
  title     = {Review of ranking methods in the data envelopment analysis context},
  journal   = {European Journal of Operational Research},
  year      = {2002},
  volume    = {140},
  number    = {2},
  pages     = {249--265},
  publisher = {Elsevier},
}

@Article{liu2009learning,
  author    = {Tie-Yan Liu},
  title     = {Learning to rank for information retrieval},
  journal   = {Foundations and Trends in Information Retrieval},
  year      = {2009},
  volume    = {3},
  number    = {3},
  pages     = {225--331},
  publisher = {Now Publishers Inc.},
}

@Article{Martinez2005,
  author    = {Aleix Martinez and Manli Zhu},
  title     = {Where are linear feature extraction methods applicable?},
  journal   = {IEEE Transaction on Pattern Analysis and Machine Intelligence},
  year      = {2005},
  volume    = {27},
  number    = {12},
  pages     = {1934--1944},
  owner     = {Administrator},
  timestamp = {2014.01.08},
}

@Article{chen2013error,
  author    = {Hong Chen and Yi Tang and Luoqing Li and Yuan Yuan and Xuelong Li and Yuanyan Tang},
  title     = {Error analysis of stochastic gradient descent ranking},
  journal   = {IEEE Transactions on Cybernetics},
  year      = {2013},
  volume    = {43},
  number    = {3},
  pages     = {898--909},
  publisher = {IEEE},
}

@Article{cossock2008statistical,
  author    = {David Cossock and Tong Zhang},
  title     = {Statistical analysis of Bayes optimal subset ranking},
  journal   = {IEEE Transactions on Information Theory},
  year      = {2008},
  volume    = {54},
  number    = {11},
  pages     = {5140--5154},
  publisher = {IEEE},
}

@Article{Williamson2001gco,
  author    = {Robert Williamson and Alex Smola and Bernhard Scholkopf},
  title     = {Generalization performance of regularization networks and support vector machines via entropy numbers of compact operators},
  journal   = {IEEE Transactions on Information Theory},
  year      = {2001},
  volume    = {47},
  number    = {6},
  pages     = {2156--2132},
  owner     = {Administrator},
  timestamp = {2014.01.15},
}

@Article{SonnenburgRSS06,
  author  = {S{\"{o}}ren Sonnenburg and Gunnar R{\"{a}}tsch and Christin Sch{\"{a}}fer and Bernhard Sch{\"{o}}lkopf},
  title   = {Large Scale Multiple Kernel Learning},
  journal = {Journal of Machine Learning Research},
  year    = {2006},
  volume  = {7},
  pages   = {1531--1565},
}

@Article{Anguita2012in,
  author    = {Davide Anguita and Alessandro Ghio and Luca Oneto and Sandro Ridella},
  title     = {In-sample and out of sample model Selection and error estimation for {S}upport {V}ector {M}achines},
  journal   = {IEEE Transactions on Neural Networks and Learning Systems},
  year      = {2012},
  volume    = {23},
  number    = {9},
  pages     = {1390--1406},
  owner     = {Administrator},
  timestamp = {2013.04.08},
}

@Article{pan2013generalization,
  author    = {Zhibin Pan and Xinge You and Hong Chen and Dacheng Tao and Baochuan Pang},
  title     = {Generalization performance of magnitude-preserving semi-supervised ranking with graph-based regularization},
  journal   = {Information Sciences},
  year      = {2013},
  volume    = {221},
  pages     = {284--296},
  publisher = {Elsevier},
}

@Article{chen2012convergence,
  author    = {Hong Chen},
  title     = {The convergence rate of a regularized ranking algorithm},
  journal   = {Journal of Approximation Theory},
  year      = {2012},
  volume    = {164},
  number    = {12},
  pages     = {1513--1519},
  publisher = {Elsevier},
}

@Article{Chen2014,
  author    = {Heng Chen and Di-Rong Chen},
  title     = {Learning rate of support vector machine for ranking},
  journal   = {Journal of Approximation Theory},
  year      = {2014},
  volume    = {188},
  pages     = {57--68},
  publisher = {Elsevier},
}

@Article{DHillD07,
  author  = {Simon I. Hill and Arnaud Doucet},
  title   = {A Framework for Kernel-Based Multi-Category Classification},
  journal = {Journal of Artificial Intelligence Research},
  year    = {2007},
  volume  = {30},
  pages   = {525--564},
}

@Article{schapire1998learning,
  author       = {William W Schapire and Robert E Cohen and Yoram Singer},
  title        = {Learning to order things},
  journal      = {Journal of Artificial Intelligence Research},
  year         = {1998},
  volume       = {10},
  pages        = {451},
  organization = {MIT Press},
}

@Article{CrammerS02,
  author  = {Koby Crammer and Yoram Singer},
  title   = {On the Algorithmic Implementation of Multiclass Kernel-based Vector Machines},
  journal = {Journal of Machine Learning Research},
  year    = {2002},
  volume  = {2},
  pages   = {265--292},
}

@Article{Agarwal2005gbroc,
  author    = {Shivani Agarwal and Thore Graepel and Ralf Herbrich and Sariel Har-Peled and Dan Roth},
  title     = {Generalization bounds for the area under the {ROC} curve},
  journal   = {Journal of Machine Learning Research},
  year      = {2005},
  volume    = {6},
  pages     = {393-425},
  owner     = {liuyonghushan},
  timestamp = {2015.09.02},
}

@Article{agarwal2009generalization,
  author    = {Shivani Agarwal and Partha Niyogi},
  title     = {Generalization bounds for ranking algorithms via algorithmic stability},
  journal   = {Journal of Machine Learning Research},
  year      = {2009},
  volume    = {10},
  pages     = {441--474},
  publisher = {JMLR. org},
}

@Article{bartlett2003rademacher,
  author    = {Peter L. Bartlett and Shahar Mendelson},
  title     = {Rademacher and {G}aussian complexities: {Risk} bounds and structural results},
  journal   = {Journal of Machine Learning Research},
  year      = {2002},
  volume    = {3},
  pages     = {463--482},
  owner     = {Administrator},
  publisher = {JMLR. org},
  timestamp = {2012.02.16},
}

@Article{Bengio2004kcv,
  author    = {Yoshua Bengio and Yves Grandvalet},
  title     = {No unbiased estimator of the variance of K-fold {C}ross-{V}alidation},
  journal   = {Journal of Machine Learning Research},
  year      = {2004},
  volume    = {5},
  pages     = {1089--1105},
  owner     = {Administrator},
  timestamp = {2013.04.14},
}

@Article{Bousquet2002stability,
  author    = {Olivier Bousquet and Andr{\'e} Elisseeff},
  title     = {Stability and Generalization},
  journal   = {Journal of Machine Learning Research},
  year      = {2002},
  volume    = {2},
  pages     = {499--526},
  owner     = {Administrator},
  timestamp = {2012.02.16},
}

@Article{braun2006accurate,
  author    = {Braun, M.},
  title     = {Accurate error bounds for the eigenvalues of the kernel matrix},
  journal   = {Journal of Machine Learning Research},
  year      = {2006},
  volume    = {7},
  pages     = {2303--2328},
  owner     = {Administrator},
  publisher = {JMLR. org},
  timestamp = {2013.05.15},
}

@Article{Cawley2010ovf,
  author    = {Gavin C. Cawley and Nicola L. C. Talbot},
  title     = {On over-fitting in model selection and subsequent selection bias in performance evaluation},
  journal   = {Journal of Machine Learning Research},
  year      = {2010},
  volume    = {11},
  pages     = {2079--2107},
  owner     = {Administrator},
  timestamp = {2013.04.14},
}

@Article{Cawley2007pombrhp,
  author    = {Gavin C. Cawley and Nicola L. C. Talbot},
  title     = {Preventing over-fitting during model selection via {B}ayesian regularisation of the Hyper-Parameters},
  journal   = {Journal of Machine Learning Research},
  year      = {2007},
  volume    = {8},
  pages     = {841--861},
  owner     = {Administrator},
  timestamp = {2013.05.15},
}

@Article{Christmann2008bif,
  author    = {Andreas Christmann and Arnout Van Messem},
  title     = {Bouligand Derivatives and Robustness of Support Vector Machines for Regression},
  journal   = {Journal of Machine Learning Research},
  year      = {2008},
  volume    = {9},
  pages     = {915--936},
  owner     = {Administrator},
  timestamp = {2013.06.16},
}

@Article{Christmann2004orp,
  author    = {Andreas Christmann and Ingo Steinwart},
  title     = {On robustness properties of convex risk minimization methods for pattern recognition},
  journal   = {Journal of Machine Learning Research},
  year      = {2004},
  volume    = {5},
  pages     = {1007--1034},
  owner     = {Administrator},
  timestamp = {2013.06.17},
}

@Article{Debruyne2008msif,
  author    = {Michiel Debruyne and Mia Hubert and Johan A.K. Suykens},
  title     = {Model selection in kernel based regression using the influence function},
  journal   = {Journal of Machine Learning Research},
  year      = {2008},
  volume    = {9},
  pages     = {2377--2400},
  owner     = {Administrator},
  timestamp = {2013.04.15},
}

@Article{Fine2002efficient,
  author    = {Shai Fine and Katya Scheinberg},
  title     = {Efficient svm training using low-rank kernel representations},
  journal   = {Journal of Machine Learning Research},
  year      = {2002},
  volume    = {2},
  pages     = {243--264},
  owner     = {Administrator},
  timestamp = {2012.02.16},
}

@Article{freund2003efficient,
  author    = {Yoav Freun and Raj Iyer and Robert E Schapire and Yoram Singer},
  title     = {An efficient boosting algorithm for combining preferences},
  journal   = {Journal of machine learning research},
  year      = {2003},
  volume    = {4},
  pages     = {933--969},
  publisher = {JMLR. org},
}

@Article{Kloft2011LpMKL,
  author    = {Marius Kloft and Ulf Brefeld and S{\"o}ren Sonnenburg and Alexander Zien},
  title     = {Lp-Norm Multiple Kernel Learning},
  journal   = {Journal of Machine Learning Research},
  year      = {2011},
  volume    = {12},
  pages     = {953--997},
  owner     = {Administrator},
  timestamp = {2013.01.26},
}

@Article{Lanckriet2004ltksp,
  author    = {Gert R. G. Lanckriet and Nello Cristianini and Peter L. Bartlett and Laurent El Ghaoui and Michael I. Jordan},
  title     = {Learning the kernel matrix with semidefinite programming},
  journal   = {Journal of Machine Learning Research},
  year      = {2004},
  volume    = {5},
  pages     = {27--72},
  file      = {Learning the kernel matrix with semidefinite programming.pdf:F\:\\learning\\jabref流水库\\Learning the kernel matrix with semidefinite programming.pdf:PDF},
  owner     = {Administrator},
  publisher = {JMLR. org},
  timestamp = {2012.02.16},
}

@Article{Luxburg2004ca,
  author    = {Ulrike Von Luxburg and Olivier Bousquet and Bernhard Sch{\"o}lkopf},
  title     = {A compression approach to support vector model selection},
  journal   = {Journal of Machine Learning Research},
  year      = {2004},
  volume    = {5},
  pages     = {293--323},
  owner     = {Administrator},
  timestamp = {2013.04.15},
}

@Article{mendelson2003performance,
  author    = {Shahar Mendelson},
  title     = {On the performance of kernel classes},
  journal   = {Journal of Machine Learning Research},
  year      = {2003},
  volume    = {4},
  pages     = {759--771},
  publisher = {JMLR. org},
}

@Article{Ong2005learning,
  author    = {Cheng Soon Ong and Alexander J. Smola and Robert C. Williamson},
  title     = {Learning the kernel with hyperkernels},
  journal   = {Journal of Machine Learning Research},
  year      = {2005},
  volume    = {6},
  pages     = {1043--1071},
  owner     = {Administrator},
  timestamp = {2012.02.16},
}

@Article{rakotomamonjy2008simplemkl,
  author    = {Alain Rakotomamonjy and Francis Bach and St{\'e}phane Canu and Yves Grandvalet},
  title     = {Simple{MKL}},
  journal   = {Journal of Machine Learning Research},
  year      = {2008},
  volume    = {9},
  pages     = {2491--2521},
  owner     = {Administrator},
  timestamp = {2011.05.04},
}

@Article{rejchel2012ranking,
  author    = {Wojciech Rejchel},
  title     = {On ranking and generalization bounds},
  journal   = {Journal of Machine Learning Research},
  year      = {2012},
  volume    = {13},
  number    = {1},
  pages     = {1373--1392},
  publisher = {JMLR. org},
}

@Article{Rosasco2010olwio,
  author    = {Rosasco, L. and Belkin, M. and Vito, E.D.},
  title     = {On Learning with Integral Operators},
  journal   = {Journal of Machine Learning Research},
  year      = {2010},
  volume    = {11},
  pages     = {905--934},
  file      = {On Learning with Integral Operators.pdf:F\:\\learning\\jabref流水库\\On Learning with Integral Operators.pdf:PDF},
  owner     = {Administrator},
  publisher = {MIT Press},
  timestamp = {2011.07.11},
}

@Article{rudin2009p,
  author    = {Cynthia Rudin},
  title     = {The {P-Norm Push}: A simple convex ranking algorithm that concentrates at the top of the list},
  journal   = {Journal of Machine Learning Research},
  year      = {2009},
  volume    = {10},
  pages     = {2233--2271},
  publisher = {JMLR. org},
}

@Article{rudin2009margin,
  author    = {Cynthia Rudin and Robert E. Schapire},
  title     = {Margin-based ranking and an equivalence between AdaBoost and RankBoost},
  journal   = {Journal of Machine Learning Research},
  year      = {2009},
  volume    = {10},
  pages     = {2193--2232},
  publisher = {JMLR. org},
}

@Article{Shalev-Shwartz2010learnablity,
  author    = {Shai Shalev-Shwartz and Ohad Shamir and Nathan Srebro and Karthik Sridharan},
  title     = {Learnability, stability and uniform convergence},
  journal   = {Journal of Machine Learning Research},
  year      = {2010},
  volume    = {11},
  pages     = {2635--2670},
  owner     = {Administrator},
  timestamp = {2012.02.17},
}

@Article{Vito2004srkm,
  author    = {Ernesto De Vito and Lorenzo Rosasco and Andrea Caponnetto and Michele Piana and Alessandro Verri},
  title     = {Some properties of regularized kernel methods},
  journal   = {Journal of Machine Learning Research},
  year      = {2004},
  volume    = {5},
  pages     = {1363--1390},
  owner     = {Administrator},
  timestamp = {2013.04.03},
}

@Article{Xu2009rrsvm,
  author    = {Huan Xu and Constantine Caramanis and Shie Mannor},
  title     = {Robustness and Regularization of Support Vector Machines},
  journal   = {Journal of Machine Learning Research},
  year      = {2009},
  volume    = {10},
  pages     = {1485--1510},
  owner     = {Administrator},
  timestamp = {2013.06.20},
}

@Article{kakade2009duality,
  author  = {Kakade, Sham and Shalev-Shwartz, Shai and Tewari, Ambuj},
  title   = {On the duality of strong convexity and strong smoothness: Learning applications and matrix regularization},
  journal = {Unpublished Manuscript},
  year    = {2009},
}

@Article{zhang2004statistical,
  author  = {Tong Zhang},
  title   = {Statistical analysis of some multi-category large margin classification methods},
  journal = {Journal of Machine Learning Research},
  year    = {2004},
  volume  = {5},
  pages   = {1225--1251},
}

@Article{allwein2000reducing,
  author  = {Erin L Allwein and Robert E Schapire and Yoram Singer},
  title   = {Reducing multiclass to binary: A unifying approach for margin classifiers},
  journal = {Journal of machine learning research},
  year    = {2000},
  volume  = {1},
  pages   = {113--141},
}

@Article{Debruyne2010rrskr,
  author    = {Michiel Debruyne and Andreas Christmann and Mia Hubert and Johan A.K. Suykens},
  title     = {Robustness of reweighted least squares kernel based regression},
  journal   = {Journal of Multivariate Analysis},
  year      = {2010},
  volume    = {101},
  number    = {2},
  pages     = {447--463},
  owner     = {Administrator},
  timestamp = {2013.06.20},
}

@Article{Hable2011qrsvm,
  author    = {Robert Hable and Andreas Christmann},
  title     = {Qualitative Robustness of Support Vector Machines},
  journal   = {Journal of Multivariate Analysis},
  year      = {2011},
  volume    = {102},
  number    = {6},
  pages     = {993--1007},
  owner     = {Administrator},
  timestamp = {2013.06.21},
}

@Article{bousquet2002some,
  author       = {Olivier Bousquet and Vladimir Koltchinskii and Dmitriy Panchenko},
  title        = {Some local measures of complexity of convex hulls and generalization bounds},
  journal      = {Lecture Notes in Artificial Intelligence},
  year         = {2002},
  volume       = {2575},
  pages        = {59--73},
  booktitle    = {Computational Learning Theory},
  organization = {Springer},
}

@Article{Bartlett2002md,
  author    = {Peter L. Bartlett and St{\'e}phane Boucheron and G{\'a}bor Lugosi},
  title     = {Model selection and error estimation},
  journal   = {Machine Learning},
  year      = {2002},
  volume    = {48},
  pages     = {85--113},
  owner     = {Administrator},
  timestamp = {2013.04.14},
}

@Article{chapelle2002choosing,
  author    = {Olivier Chapelle and Vladimir Vapnik and Olivier Bousquet and Sayan Mukherjee},
  title     = {Choosing multiple parameters for support vector machines},
  journal   = {Machine Learning},
  year      = {2002},
  volume    = {46},
  number    = {1-3},
  pages     = {131--159},
  owner     = {Administrator},
  publisher = {Springer},
  timestamp = {2012.02.16},
}

@Article{cortes1995support,
  author    = {Corinna Corte and Vladimir Vapnik},
  title     = {Support-vector networks},
  journal   = {Machine Learning},
  year      = {1995},
  volume    = {20},
  number    = {3},
  pages     = {273--297},
  issn      = {0885-6125},
  owner     = {Administrator},
  publisher = {Springer},
  timestamp = {2012.02.16},
}

@Article{Sollich2002bayesian,
  author    = {Peter Sollich},
  title     = {Bayesian methods for support vector machines: Evidence and predictive class probabilities},
  journal   = {Machine Learning},
  year      = {2002},
  volume    = {46},
  number    = {1--3},
  pages     = {25--52},
  owner     = {Administrator},
  timestamp = {2012.02.16},
}

@Article{Natarajan1989,
  author  = {B. K Natarajan},
  title   = {On learning sets and functions},
  journal = {Machine Learning},
  year    = {1989},
  volume  = {4},
  number  = {1},
  pages   = {67--97},
}

@Article{Robinson1991aitcnf,
  author    = {Stephen M Robinson},
  title     = {An implicit-function theorem for a class of nonsmooth functions},
  journal   = {Mathematics of Operations Research},
  year      = {1991},
  volume    = {16},
  pages     = {292--309},
  owner     = {Administrator},
  timestamp = {2013.06.21},
}

@Article{Poggio2004genreal,
  author    = {Tomaso Poggio and Ryan M. Rifkin and Sayan Mukherjee and Partha Niyogi},
  title     = {General conditions for predictivity in learning theory},
  journal   = {Nature},
  year      = {2004},
  volume    = {428},
  number    = {6981},
  pages     = {419--422},
  owner     = {Administrator},
  timestamp = {2012.02.17},
}

@Article{Gerfo2008spectal,
  author    = {L. Lo Gerfo and Lorenzo Rosasco and Francesca Odone and Ernesto De Vito and Alessandro Verri},
  title     = {Spectral algorithms for supervised learning},
  journal   = {Neural Computation},
  year      = {2008},
  volume    = {20},
  number    = {3},
  pages     = {331--368},
  owner     = {Administrator},
  timestamp = {2012.02.16},
}

@Article{Kearns1999algorithmic,
  author    = {Michael J. Kearns and Dana Ron},
  title     = {Algorithmic stability and sanity-check bounds for leave-one-out cross-validation},
  journal   = {Neural Computation},
  year      = {1999},
  volume    = {11},
  number    = {6},
  pages     = {1472--1453},
  owner     = {Administrator},
  timestamp = {2012.02.16},
}

@Article{Micchelli2005Olvvf,
  author    = {Charles A. Micchelli and Massimiliano Pontil},
  title     = {On learning vector-valued functions},
  journal   = {Neural Computation},
  year      = {2005},
  volume    = {17},
  number    = {1},
  pages     = {177--204},
  owner     = {Administrator},
  timestamp = {2012.02.16},
}

@Article{oneto2013improved,
  author    = {Luca Oneto and Alessandro Ghio and Davide Anguita and Sandro Ridella},
  title     = {An improved analysis of the Rademacher data-dependent bound using its self bounding property},
  journal   = {Neural Networks},
  year      = {2013},
  volume    = {44},
  pages     = {107--111},
  publisher = {Elsevier},
}

@Article{Suykens1999lssvm,
  author    = {Johan A. K. Suykens and Joos Vandewalle},
  title     = {Least squares support vector machine classifiers},
  journal   = {Neural Processing Letters},
  year      = {1999},
  volume    = {9},
  number    = {3},
  pages     = {293--300},
  owner     = {Administrator},
  timestamp = {2012.02.16},
}

@Article{chen2014learning,
  author    = {Hong Chen and Zhibin Pan and Luoqing Li},
  title     = {Learning performance of coefficient-based regularized ranking},
  journal   = {Neurocomputing},
  year      = {2014},
  volume    = {133},
  pages     = {54--62},
  publisher = {Elsevier},
}

@Article{guermeur2002combining,
  author    = {Yann Guermeur},
  title     = {Combining discriminant models with new multi-class {SVMs}},
  journal   = {Pattern Analysis \& Applications},
  year      = {2002},
  volume    = {5},
  number    = {2},
  pages     = {168--179},
  publisher = {Springer},
}

@Article{Cawley2003elcv,
  author    = {Gavin C. Cawley and Nicola L. C. Talbot},
  title     = {Efficient leave-one-out cross-validation of kernel Fisher discriminant classifiers},
  journal   = {Pattern Recognition},
  year      = {2003},
  volume    = {36},
  number    = {11},
  pages     = {2585--2592},
  owner     = {Administrator},
  timestamp = {2013.10.02},
}

@Article{Nguyen2008anefficient,
  author    = {Canh Hao Nguyen and Tu Bao Ho},
  title     = {An efficient kernel matrix evaluation measure},
  journal   = {Pattern Recognition},
  year      = {2008},
  volume    = {41},
  number    = {11},
  pages     = {3366--3372},
  owner     = {Administrator},
  timestamp = {2012.02.16},
}

@Article{maximov2016tight,
  author    = {Yu Maximov and Daria Reshetova},
  title     = {Tight risk bounds for multi-class margin classifiers},
  journal   = {Pattern Recognition and Image Analysis},
  year      = {2016},
  volume    = {26},
  number    = {4},
  pages     = {673--680},
  publisher = {Springer},
}

@Article{guermeur2010ensemble,
  author  = {Yann Guermeur},
  title   = {Ensemble methods of appropriate capacity for multi-class support vector machines},
  journal = {SMTDA},
  year    = {2010},
  volume  = {10},
  pages   = {311--318},
}

@Article{Smole2004svr,
  author    = {Alex J Smole and Bernhard Sch{\"o}lkopf},
  title     = {A tutorial on support vector regression},
  journal   = {Statistics and Computing},
  year      = {2004},
  volume    = {14},
  pages     = {199--222},
  owner     = {Administrator},
  timestamp = {2013.06.19},
}

@Article{Christmann2009orphtd,
  author    = {Andreas Christmann and Arnout Van Messem and Ingo Steinwart},
  title     = {On consistency and robustness properties of support vector machines for heavy-tailed distributions},
  journal   = {Statistics and Its Interface},
  year      = {2009},
  volume    = {2},
  pages     = {311--327},
  owner     = {Administrator},
  timestamp = {2013.06.20},
}

@Article{Golub1979gcv,
  author    = {Gene H. Golub and Michael Heath and Grace Wahba},
  title     = {Generalized cross-validation as a method for choosing a good ridge parameter},
  journal   = {Technometrics},
  year      = {1979},
  volume    = {21},
  number    = {2},
  pages     = {215--223},
  owner     = {Administrator},
  timestamp = {2013.05.13},
}

@Article{robbins1955remark,
  author    = {Herbert Robbins},
  title     = {A remark on Stirling's formula},
  journal   = {The American Mathematical Monthly},
  year      = {1955},
  volume    = {62},
  number    = {1},
  pages     = {26--29},
  publisher = {JSTOR},
}

@Article{Efron1983cv,
  author    = {Bradley Efron and Gail Gong},
  title     = {A leisurely look at the bootstrap, the jackknife, and cross-validation},
  journal   = {The American Statistician},
  year      = {1983},
  volume    = {37},
  number    = {1},
  pages     = {36--48},
  owner     = {Administrator},
  timestamp = {2013.06.20},
}

@Article{Bartlett2005lrc,
  author    = {Peter L. Bartlett and Olivier Bousquet and Shahar Mendelson},
  title     = {Local {R}ademacher complexities},
  journal   = {The Annals of Statistics},
  year      = {2005},
  volume    = {33},
  number    = {4},
  pages     = {1497--1537},
  owner     = {Administrator},
  timestamp = {2013.12.26},
}

@Article{clemenccon2008ranking,
  author    = {St{\'e}phan Cl{\'e}men{\c{c}}on and Gabor Lugosi and Nicolas Vayatis},
  title     = {Ranking and empirical minimization of {U}-statistics},
  journal   = {The Annals of Statistics},
  year      = {2008},
  volume    = {36},
  pages     = {844--874},
  publisher = {JSTOR},
}

@Article{Koltchinskii2006lrcoiirm,
  author    = {Vladimir Koltchinskii},
  title     = {Local {R}ademacher complexities and oracle inequalities in risk minimization},
  journal   = {The Annals of Statistics},
  year      = {2006},
  volume    = {34},
  number    = {6},
  pages     = {2593--2656},
  owner     = {Administrator},
  timestamp = {2013.12.26},
}

@Article{koltchinskii2002empirical,
  author    = {Vladimir Koltchinskii and Dmitry Panchenko},
  title     = {Empirical margin distributions and bounding the generalization error of combined classifiers},
  journal   = {The Annals of Statistics},
  year      = {2002},
  volume    = {30},
  pages     = {1--50},
  publisher = {JSTOR},
}

@Article{lugosi2004complexity,
  author    = {G{\'a}bor Lugosi and Marten Wegkamp},
  title     = {Complexity regularization via localized random penalties},
  journal   = {The Annals of Statistics},
  year      = {2004},
  volume    = {32},
  pages     = {1679--1697},
  publisher = {JSTOR},
}

@Article{Rogers1978afinite,
  author    = {William Henry Rogers and Terry J. Wagner},
  title     = {A finite sample distribution-free performance bound for local discrimination rules},
  journal   = {The Annals of Statistics},
  year      = {1978},
  volume    = {6},
  pages     = {506--514},
  owner     = {Administrator},
  timestamp = {2012.02.17},
}

@Article{aronszajn1950theory,
  author    = {Nachman Aronszajn},
  title     = {Theory of reproducing kernels},
  journal   = {Transactions of the American Mathematical Society},
  year      = {1950},
  volume    = {68},
  pages     = {337--404},
  owner     = {Administrator},
  timestamp = {2012.02.16},
}

@Article{Hill2007,
  author  = {Simon I. Hill and Arnaud Doucet},
  title   = {A framework for kernel-based multi-category classification},
  journal = {Journal of Artificial Intelligence Research},
  year    = {2007},
  volume  = {30},
  pages   = {525--564},
}

@Article{Xiao10,
  author  = {Lin Xiao},
  title   = {Dual Averaging Methods for Regularized Stochastic Learning and Online Optimization},
  journal = {Journal of Machine Learning Research},
  year    = {2010},
  volume  = {11},
  pages   = {2543--2596},
}

@Article{Gentile03a,
  author  = {Claudio Gentile},
  title   = {The Robustness of the p-Norm Algorithms},
  journal = {Machine Learning},
  year    = {2003},
  volume  = {53},
  number  = {3},
  pages   = {265--299},
}

@Article{Shalev-ShwartzT11,
  author  = {Shai Shalev{-}Shwartz and Ambuj Tewari},
  title   = {Stochastic Methods for \emph{l}\({}_{\mbox{1}}\)-regularized Loss Minimization},
  journal = {Journal of Machine Learning Research},
  year    = {2011},
  volume  = {12},
  pages   = {1865--1892},
}

@Book{koltchinskii2000rademacher,
  title     = {Rademacher processes and bounding the risk of function learning},
  publisher = {Springer},
  year      = {2000},
  author    = {Vladimir Koltchinskii and Dmitriy Panchenko},
  booktitle = {High Dimensional Probability II},
  pages     = {443--457},
}

@Book{bishop2006pml,
  title     = {Pattern recognition and machine learning},
  publisher = {Springer},
  year      = {2007},
  author    = {Christopher Bishop and Nasser Nasrabadi},
  owner     = {Administrator},
  timestamp = {2013.05.13},
}

@Book{Golub1996mc,
  title     = {Matrix computations},
  publisher = {The Johns Jopkins University Press},
  year      = {1996},
  author    = {Gene H. Golub and Charles F. Van Loan},
  owner     = {Administrator},
  timestamp = {2013.04.15},
}

@Book{F.R.Hampel1986,
  title     = {Robust Statistics: The Approach Based on Influence Functions},
  publisher = {Wiley},
  year      = {1986},
  author    = {Frank R Hampel and Elvezio M Ronchetti and Peter J Rousseeuw and Werner A Stahel},
  address   = {New York},
  owner     = {Administrator},
  timestamp = {2013.06.21},
}

@Book{Koltchinskii2011oi,
  title     = {Oracle Inequalities in Empirical Risk Minimization and Sparse Recovery Problems},
  publisher = {Springer},
  year      = {2011},
  author    = {Vladimir Koltchinskii},
  owner     = {liuyonghushan},
  timestamp = {2015.08.26},
}

@Book{Ledoux1991pbsip,
  title     = {Probability in {B}anach spaces: {I}soperimetry and processes},
  publisher = {Springer},
  year      = {1991},
  author    = {Michel Ledoux and Michel Talagrand},
  owner     = {Administrator},
  timestamp = {2014.01.04},
}

@Book{Scholkopf2001learning,
  title     = {Learning with kernels},
  publisher = {MIT Press},
  year      = {2002},
  author    = {Bernhard Sch{\"o}lkopf and Alexander J. Smola},
  address   = {Cambridge, MA},
  owner     = {Administrator},
  timestamp = {2012.02.16},
}

@Book{ShaweTaylor2004kernelmethod,
  title     = {Kernel methods for pattern analysis},
  publisher = {Cambridge University Press},
  year      = {2004},
  author    = {John Shawe-Taylor and Nello Cristianini},
  owner     = {Administrator},
  timestamp = {2012.02.16},
}

@Book{cristianini2000introduction,
  title     = {An introduction to support Vector Machines and other kernel-based learning methods},
  publisher = {Cambridge University Press},
  year      = {2000},
  author    = {John Shawe-Taylor and Nello Cristianini},
  isbn      = {0521780195},
  owner     = {Administrator},
  timestamp = {2012.02.16},
}

@Book{cristianini2000support,
  title     = {Support {V}ector {M}achines},
  publisher = {Cambridge University Press, MA},
  year      = {2000},
  author    = {Shawe-Taylor, J. and Cristianini, N.},
  owner     = {Administrator},
  timestamp = {2012.02.16},
}

@Book{steinwart2008support,
  title     = {Support vector machines},
  publisher = {Springer Verlag},
  year      = {2008},
  author    = {Ingo Steinwart and Andreas Christmann},
  address   = {New York},
  owner     = {Administrator},
  timestamp = {2012.02.16},
}

@Book{Wahba1990smod,
  title     = {Spline Models for Observational Data},
  publisher = {CBMS-NSF Regional Conference Series in Applied Mathematics, SIAM},
  year      = {1990},
  author    = {Grace Wahba},
  owner     = {Administrator},
  timestamp = {2013.06.18},
}

@Book{mohri2012foundations,
  title     = {Foundations of machine learning},
  publisher = {MIT press},
  year      = {2012},
  author    = {Mehryar Moh and Afshin Rostamizadeh and Ameet Talwalkar},
}

@Book{vapnik1998naturestatistical,
  title     = {The nature of statistical learning theory},
  publisher = {Springer Verlag},
  year      = {2000},
  author    = {Vladimir Vapnik},
  owner     = {Administrator},
  timestamp = {2012.02.16},
}

@Book{rockafellar2015convex,
  title     = {Convex analysis},
  publisher = {Princeton university press},
  year      = {1970},
  author    = {Ralph Tyrell Rockafellar},
}

@InCollection{knerr1990single,
  author    = {Stefan Knerr and L{\'e}on Personnaz and G{\'e}rard Dreyfus},
  title     = {Single-layer learning revisited: a stepwise procedure for building and training a neural network},
  booktitle = {Neurocomputing},
  publisher = {Springer},
  year      = {1990},
  pages     = {41--50},
}

@InCollection{Wahba1999newGACV,
  author    = {Grace Wahba and Yi Lin and Hao Zhang},
  title     = {{GACV} for support vector machines},
  booktitle = {Advances in Large Margin Classifiers},
  publisher = {MIT Press},
  year      = {1999},
  address   = {Cambridge,},
  owner     = {Administrator},
  timestamp = {2013.04.17},
}

@InCollection{Kloft2011mkl,
  author    = {Marius Kloft and Gilles Blanchard},
  title     = {The Local {R}ademacher Complexity of lp-Norm Multiple Kernel Learning},
  booktitle = {Advances in Neural Information Processing Systems 23 (NIPS 2011)},
  publisher = {MIT Press},
  year      = {2011},
  pages     = {2438--2446},
  owner     = {Administrator},
  timestamp = {2014.01.08},
}

@InCollection{Cortes2013,
  author    = {Corinna Cortes and Marius Kloft and Mehryar Mohri},
  title     = {Learning kernels using local {R}ademacher complexity},
  booktitle = {Advances in Neural Information Processing Systems 25 (NIPS)},
  publisher = {MIT Press},
  year      = {2013},
  pages     = {2760--2768},
  owner     = {Administrator},
  timestamp = {2013.12.26},
}

@InProceedings{BachLJ04,
  author    = {Francis R. Bach and Gert R. G. Lanckriet and Michael I. Jordan},
  title     = {Multiple kernel learning, conic duality, and the {SMO} algorithm},
  booktitle = {Machine Learning, Proceedings of the Twenty-first International Conference {(ICML} 2004), Banff, Alberta, Canada, July 4-8, 2004},
  year      = {2004},
}

@InProceedings{LanckrietCBGJ02,
  author    = {Gert R. G. Lanckriet and Nello Cristianini and Peter L. Bartlett and Laurent El Ghaoui and Michael I. Jordan},
  title     = {Learning the Kernel Matrix with Semi-Definite Programming},
  booktitle = {Machine Learning, Proceedings of the Nineteenth International Conference {(ICML} 2002), University of New South Wales, Sydney, Australia, July 8-12, 2002},
  year      = {2002},
  pages     = {323--330},
}

@InProceedings{Shalev-ShwartzT09,
  author    = {Shai Shalev{-}Shwartz and Ambuj Tewari},
  title     = {Stochastic methods for \emph{l}\({}_{\mbox{1}}\) regularized loss minimization},
  booktitle = {Proceedings of the 26th Annual International Conference on Machine Learning, {ICML} 2009, Montreal, Quebec, Canada, June 14-18, 2009},
  year      = {2009},
  pages     = {929--936},
}

@InProceedings{Shalev-ShwartzK08,
  author    = {Shai Shalev{-}Shwartz and Sham M. Kakade},
  title     = {Mind the Duality Gap: Logarithmic regret algorithms for online optimization},
  booktitle = {Advances in Neural Information Processing Systems 21, Proceedings of the Twenty-Second Annual Conference on Neural Information Processing Systems, Vancouver, British Columbia, Canada, December 8-11, 2008},
  year      = {2008},
  pages     = {1457--1464},
}

@InProceedings{gai2010learning,
  author    = {Kun Gai and Guangyun Chen and Changshui Zhang},
  title     = {Learning kernels with radiuses of minimum enclosing balls},
  booktitle = {Advances in Neural Information Processing Systems 23 (NIPS 2010)},
  year      = {2010},
  pages     = {649--657},
  journal   = {Adv. Neural. Inform. Process Syst.(NIPS 2010)},
  owner     = {Administrator},
  timestamp = {2013.04.17},
}

@InProceedings{Wahba1999gacv,
  author    = {Grace Wahba},
  title     = {Support {V}ector {M}achine, reproducing kernel {H}ilbert spaces and the randomized {GACV}},
  booktitle = {Advances in Kernel Methods-Support Vector Learning},
  year      = {1999},
  volume    = {6},
  pages     = {69--88},
  address   = {Cambridge},
  publisher = {MIT Press},
  owner     = {Administrator},
  timestamp = {2013.04.17},
}

@InProceedings{cortes2009learning,
  author    = {Corinna Cortes and Mehryar Mohri and Afshin Rostamizadeh},
  title     = {Learning non-linear combinations of kernels},
  booktitle = {Advances in Neural Information Processing Systems 22 (NIPS 2009)},
  year      = {2009},
  pages     = {396--404},
  journal   = {Advances in Neural Information Processing Systems},
  owner     = {Administrator},
  timestamp = {2013.04.17},
}

@InProceedings{Cristianini2001okta,
  author    = {Nello Cristianini and John Shawe-Taylor and Andr{\'e} Elisseeff and Jaz S. Kandola},
  title     = {On kernel-target alignment},
  booktitle = {Advances in Neural Information Processing Systems 14 (NIPS 2001)},
  year      = {2001},
  pages     = {367--373},
  file      = {On Kernel-Target Alignment.pdf:F\:\\learning\\jabref流水库\\On Kernel-Target Alignment.pdf:PDF},
  journal   = {Advances in Neural Information Processing Systems},
  owner     = {Administrator},
  timestamp = {2012.02.16},
}

@InProceedings{kloft2009efficient,
  author    = {Marius Kloft and Ulf Brefeld and S{\"o}ren Sonnenburg and Pavel Laskov and Klaus-Robert M{\"u}ller and Alexander Zien},
  title     = {Efficient and accurate lp-norm multiple kernel learning},
  booktitle = {Advances in Neural Information Processing Systems 22 (NIPS 2009)},
  year      = {2009},
  pages     = {997--1005},
  journal   = {Advances in Neural Information Processing Systems},
  owner     = {Administrator},
  timestamp = {2013.04.17},
}

@InProceedings{herbrich1999large,
  author    = {Ralf Herbrich and Thore Graepel and Klaus Obermayer},
  title     = {Large margin rank boundaries for ordinal regression},
  booktitle = {Advances in Neural Information Processing Systems 12 (NIPS 1999)},
  year      = {1999},
  pages     = {115--132},
  journal   = {Advances in neural information processing systems},
}

@InProceedings{koltchinskii2001some,
  author    = {Vladimir Koltchinskii and Dmitriy Panchenko and Fernando Lozano},
  title     = {Some new bounds on the generalization error of combined classifiers},
  booktitle = {Advances in Neural Information Processing Systems (NIPS 2001)},
  year      = {2001},
  pages     = {245--251},
}

@InProceedings{Zhang2005cs,
  author    = {Tong Zhang},
  title     = {Class-size independent generalization analsysis of some discriminative multi-category classification},
  booktitle = {Advances in Neural Information Processing Systems (NIPS 2005)},
  year      = {2005},
  pages     = {1625--1632},
}

@InProceedings{Chapelle1999model,
  author    = {Olivier Chapelle and Vladimir Vapnik},
  title     = {Model selection for {S}upport {V}ector {M}achines},
  booktitle = {Advances in Neural Information Processing Systems 12 (NIPS 1999)},
  year      = {1999},
  pages     = {230--236},
  owner     = {Administrator},
  timestamp = {2012.01.15},
}

@InProceedings{crammer2001pranking,
  author    = {Koby Crammer and Yoram Singer},
  title     = {Pranking with ranking.},
  booktitle = {Advances in Neural Information Processing Systems 14 (NIPS 2001)},
  year      = {2001},
  pages     = {641--647},
}

@InProceedings{Crammer2002kernel,
  author    = {Koby Crammer and Joseph Keshet and Yoram Singer},
  title     = {Kernel design using boosting},
  booktitle = {Advances in Neural Information Processing Systems 14 (NIPS 2002)},
  year      = {2002},
  pages     = {537--544},
  owner     = {Administrator},
  timestamp = {2012.02.16},
}

@InProceedings{Lange2004stability,
  author    = {Tilman Lange and Mikio L. Braun and Volker Roth and Joachim M. Buhmann},
  title     = {Stability-based model selection},
  booktitle = {Advances in Neural Information Processing Systems 15 (NIPS 2002)},
  year      = {2002},
  pages     = {617--624},
  owner     = {Administrator},
  timestamp = {2012.02.16},
}

@InProceedings{Ong2002hyperkernels,
  author    = {Cheng Soon Ong and Alexander J. Smola and Robert C. Williamson},
  title     = {Hyperkernels},
  booktitle = {Advances in Neural Information Processing Systems 15 (NIPS 2003)},
  year      = {2003},
  pages     = {478--485},
  file      = {Hyperkernels.pdf:F\:/learning/jabref流水库/Hyperkernels.pdf:PDF},
  owner     = {Administrator},
  timestamp = {2012.02.16},
}

@InProceedings{Srebro2010lrc,
  author    = {Nathan Srebro and Karthik Sridharan and Ambuj Tewari},
  title     = {Smoothness, low noise and fast rates},
  booktitle = {Advances in Neural Information Processing Systems 22 (NIPS)},
  year      = {2010},
  pages     = {2199--2207},
}

@InProceedings{chen2010two,
  author    = {Wei Chen and Tie-Yan Liu and Zhiming Ma},
  title     = {Two-layer generalization analysis for ranking using rademacher average},
  booktitle = {Advances in Neural Information Processing Systems 23 (NIPS 2010)},
  year      = {2010},
  pages     = {370--378},
}

@InProceedings{Eberts2011optimal,
  author    = {Mona Eberts and Ingo Steinwart},
  title     = {Optimal learning rates for least squares SVMs using Gaussian kernels},
  booktitle = {Advances in Neural Information Processing Systems 25 (NIPS 2011)},
  year      = {2011},
  pages     = {1539--1547},
  file      = {Optimal learning rates for least squares SVMs using Gaussian kernels.pdf:E\:\\文献\\学习理论\\Optimal learning rates for least squares SVMs using Gaussian kernels.pdf:PDF},
  owner     = {Administrator},
  timestamp = {2012.04.30},
}

@InProceedings{lei2015multi,
  author    = {Yunwen Lei and Urun Doganand Alexander Binder and Marius Kloft},
  title     = {Multi-class {SVMs}: From tighter data-dependent generalization bounds to novel algorithms},
  booktitle = {Advances in Neural Information Processing Systems 27},
  year      = {2015},
  pages     = {2035--2043},
}

@article{orabona2009dogma,
  title={DOGMA: a MATLAB toolbox for Online Learning},
  author={F Orabona},
  journal={Software available at http://dogma. sourceforge. net},
  year={2009}
}

@InProceedings{cortes2010generalization,
  author    = {Corinna Cortes and Mehryar Mohri and Afshin Rostamizadeh},
  title     = {Generalization bounds for learning kernels},
  booktitle = {Proceedings of the 27th International Conference on Machine Learning (ICML 2010)},
  year      = {2010},
  pages     = {247-254},
  journal   = {ICML’10},
  owner     = {Administrator},
  timestamp = {2012.02.16},
}

@InProceedings{Bach2004,
  author    = {Francis R. Bach and Gert R. G. Lanckriet and Michael I. Jordan},
  title     = {Multiple kernel learning, conic duality, and the {SMO} algorithm},
  booktitle = {Machine Learning, Proceedings of the Twenty-first International Conference (ICML 2004)},
  year      = {2004},
}

@InProceedings{jia2009accurate,
  author    = {Jia, L. and Liao, S.},
  title     = {Accurate Probabilistic Error Bound for Eigenvalues of Kernel Matrix},
  booktitle = {Proceedings of the 1st Asian Conference on Machine Learning},
  year      = {2009},
  journal   = {Lecture Notes in Computer Science},
  owner     = {Administrator},
  timestamp = {2013.05.15},
}

@InProceedings{TsochantaridisHJA04,
  author    = {Ioannis Tsochantaridis and Thomas Hofmann and Thorsten Joachims and Yasemin Altun},
  title     = {Support vector machine learning for interdependent and structured output spaces},
  booktitle = {Machine Learning, Proceedings of the Twenty-first International Conference (ICML 2004)},
  year      = {2004},
  pages     = {104},
}

@InProceedings{ZienO2007,
  author    = {Alexander Zien and Cheng Soon Ong},
  title     = {Multiclass multiple kernel learning},
  booktitle = {Machine Learning, Proceedings of the Twenty-Fourth International Conference (ICML 2007)},
  year      = {2007},
  pages     = {1191--1198},
}

@InProceedings{hofmann2003learning,
  author    = {Thomas Hofmann and Lijuan Cai and Massimiliano Ciaramita},
  title     = {Learning with taxonomies: Classifying documents and words},
  booktitle = {NIPS workshop on syntax, semantics, and statistics},
  year      = {2003},
}

@InProceedings{Minh2011vvmr,
  author    = {Ha Quang Minh and Vikas Sindhwani},
  title     = {Vector-valued manifold regularization},
  booktitle = {Proceeding of the 28th International Conference on Machine Learning (ICML 2011)},
  year      = {2011},
  pages     = {57--64},
  owner     = {Administrator},
  timestamp = {2012.02.16},
}

@InProceedings{Cawley2006,
  author    = {Gavin C. Cawley},
  title     = {Leave-one-out cross-validation based model selection criteria for weighted LS-SVMs},
  booktitle = {Proceeding of the International Joint Conference on Neural Networks (IJCNN 2006)},
  year      = {2006},
  pages     = {1661--1668},
  owner     = {Administrator},
  timestamp = {2013.10.02},
}

@InProceedings{gao2010stability,
  author       = {Wei Gao and Yungang Zhang and Li Liang and Youming Xia},
  title        = {Stability analysis for ranking algorithms},
  booktitle    = {Proceedings 2010 IEEE International Conference on Information Theory and Information Security (ICITIS)},
  year         = {2010},
  pages        = {973--976},
  organization = {IEEE},
}

@InProceedings{Kohavicv,
  author    = {Ron Kohavi},
  title     = {A study of cross-validation and bootstrap for accuracy estimation and model selection},
  booktitle = {Proceedings of 5rd International Joint Conference on Artificial Intelligence (IJCAI 1995)},
  year      = {1995},
  owner     = {Administrator},
  timestamp = {2013.06.19},
}

@InProceedings{deng2009imagenet,
  author    = {Jia Deng and Wei Dong and Richard Socher and Li-Jia Li and Kai Li and Li Fei-Fei},
  title     = {Imagenet: A large-scale hierarchical image database},
  booktitle = {Proceedings of IEEE Conference on Computer Vision and Pattern Recognition (CVPR 2009)},
  year      = {2009},
  pages     = {248--255},
}

@InProceedings{Cortes2000onthela,
  author    = {Corinna Cortes and Mehryar Mohri and Ameet Talwalkar},
  title     = {On the impact of kernel approximation on learning accuracy},
  booktitle = {Proceedings of the 13th International Conference on Artificial Intelligence and Statistics (AISTATS 2000)},
  year      = {2000},
  pages     = {113--120},
  owner     = {Administrator},
  timestamp = {2013.03.31},
}

@InProceedings{Gammerman1998krr,
  author    = {Craig Saunders and Alexander Gammerman and Volodya Vovk},
  title     = {Ridge regression learning algorithm in dual variables},
  booktitle = {Proceedings of the 15th International Conference on Machine Learning (ICML 1998)},
  year      = {1998},
  pages     = {515--521},
  owner     = {Administrator},
  timestamp = {2013.05.16},
}

@InProceedings{agarwal2005stability,
  author    = {Shivani Agarwal and Partha Niyogi},
  title     = {Stability and generalization of bipartite ranking algorithms},
  booktitle = {Proceedings of the 18th Annual Conference on Learning Theory (COLT 2005)},
  year      = {2005},
  pages     = {32--47},
}

@InProceedings{clemenccon2005ranking,
  author    = {St{\'e}phan Cl{\'e}men{\c{c}}on and G{\'a}bor Lugosi and Nicolas Vayatis},
  title     = {Ranking and scoring using empirical risk minimization},
  booktitle = {Proceedings of the 18th Annual Conference on Learning Theory (COLT, 2005)},
  year      = {2005},
  pages     = {1--15},
  publisher = {Springer},
}

@InProceedings{Kutin2002almosteveywhere,
  author    = {Samuel Kutin and Partha Niyogi},
  title     = {Almost-everywhere Algorithmic Stability and Generalization Error},
  booktitle = {Proceedings of the 18th Conference in Uncertainty in Artificial Intelligence (UAI 2002)},
  year      = {2002},
  pages     = {275--282},
  owner     = {Administrator},
  timestamp = {2012.02.17},
}

@InProceedings{Liu2011learningkernels,
  author    = {Yong Liu and Shizhong Liao and Yuexian Hou},
  title     = {Learning kernels with upper bounds of leave-one-out error},
  booktitle = {Proceedings of the 20nd ACM International Conference on Information and Knowledge Management (CIKM 2011)},
  year      = {2011},
  pages     = {2205--2208},
  owner     = {Administrator},
  timestamp = {2012.02.17},
}

@InProceedings{Kwok2003,
  author    = {James T. Kwok and IvorW. Tsang},
  title     = {Learning with idealized kernels},
  booktitle = {Proceedings of the 20th International Conference on Machine Learning (ICML 2003)},
  year      = {2003},
  pages     = {400--407},
  owner     = {Administrator},
  timestamp = {2012.02.16},
}

@InProceedings{Nguyen2007kerenel,
  author    = {Canh Hao Nguyen and Tu Bao Ho},
  title     = {Kernel matrix evaluation},
  booktitle = {Proceedings of the 20th International Joint Conference on Artifficial Intelligence (IJCAI 2007)},
  year      = {2007},
  pages     = {987--992},
  owner     = {Administrator},
  timestamp = {2012.02.16},
}

@InProceedings{bach2004multiple,
  author    = {Francis Bach and Gert Lanckriet and Michael Jordan},
  title     = {Multiple kernel learning, conic duality, and the {SMO} algorithm},
  booktitle = {Proceedings of the 21th International Conference on Machine Learning (ICML 2004)},
  year      = {2004},
  pages     = {41--48},
  owner     = {Administrator},
  timestamp = {2013.04.17},
}

@InProceedings{Liu2013epks,
  author    = {Yong Liu and Shali Jiang and Shizhong Liao},
  title     = {Eigenvalues Perturbation of Integral Operator for Kernel Selection},
  booktitle = {Proceedings of the 22nd ACM International Conference on Information and Knowledge Management (CIKM 2013)},
  year      = {2013},
  pages     = {2189--2198},
  owner     = {Administrator},
  timestamp = {2013.10.01},
}

@InProceedings{Steinwart2009optimalrates,
  author    = {Ingo Steinwart and Don Hush and Clint Scovel},
  title     = {Optimal rates for regularized least squares regression},
  booktitle = {Proceedings of the 22nd Conference on Learning Theory (COLT 2009)},
  year      = {2009},
  pages     = {79--93},
  file      = {Optimal rates for regularized least squares regression.pdf:E\:\\文献\\多输出\\Optimal rates for regularized least squares regression.pdf:PDF},
  owner     = {Administrator},
  timestamp = {2012.04.30},
}

@InProceedings{burges2005learning,
  author       = {Chris Burges and Tal Shaked and Erin Renshaw and Ari Lazier and Matt Deeds and Nicole Hamilton and Greg Hullender},
  title        = {Learning to rank using gradient descent},
  booktitle    = {Proceedings of the 22nd international conference on Machine learning (ICML 2005)},
  year         = {2005},
  pages        = {89--96},
  organization = {ACM},
}

@InProceedings{cao2007learning,
  author       = {Zhe Cao and Tao Qin and Tie-Yan Liu and Ming-Feng Tsai and Hang Li},
  title        = {Learning to rank: from pairwise approach to listwise approach},
  booktitle    = {Proceedings of the 24th International Conference on Machine learning (ICML 2007)},
  year         = {2007},
  pages        = {129--136},
  organization = {ACM},
  owner        = {liuyonghushan},
  timestamp    = {2016.08.07},
}

@InProceedings{cortes2007magnitude,
  author       = {Corinna Cortes and Mehryar Mohri and Ashish Rastogi},
  title        = {Magnitude-preserving ranking algorithms},
  booktitle    = {Proceedings of the 24th International Conference on Machine learning (ICML 2007)},
  year         = {2007},
  pages        = {169--176},
  organization = {ACM},
}

@InProceedings{cortes20092,
  author    = {Corinna Cortes and Mehryar Mohri and Afshin Rostamizadeh},
  title     = {L2 regularization for learning kernels},
  booktitle = {Proceedings of the 25th Conference on Uncertainty in Artificial Intelligence (UAI 2009)},
  year      = {2009},
  pages     = {109--116},
  owner     = {Administrator},
  timestamp = {2013.04.15},
}

@InProceedings{Cortes2008stabilityregression,
  author    = {Corinna Cortes and Mehryar Mohri and Dmitry Pechyony and Ashish Rastogi},
  title     = {Stability of transductive regression algorithms},
  booktitle = {Proceedings of the 25th International Conference on Machine Learning (ICML 2008)},
  year      = {2008},
  pages     = {176--183},
  owner     = {Administrator},
  timestamp = {2012.02.17},
}

@InProceedings{Lan2008liu,
  author    = {Yanyan Lan and Tie-Yan Liu and Tao Qin and Zhiming Ma and Hang Li},
  title     = {Query-level stability and generalization in learning to rank},
  booktitle = {Proceedings of the 25th International Conference on Machine Learning (ICML 2008)},
  year      = {2008},
  pages     = {512--519},
  owner     = {liuyonghushan},
  timestamp = {2015.09.08},
}

@InProceedings{xia2008listwise,
  author       = {Fen Xia and Tie-Yan Liu and Jue Wang and Wensheng Zhang and Hang Li},
  title        = {Listwise approach to learning to rank: theory and algorithm},
  booktitle    = {Proceedings of the 25th International Conference on Machine learning (ICML 2008)},
  year         = {2008},
  pages        = {1192--1199},
  organization = {ACM},
  owner        = {liuyonghushan},
  timestamp    = {2016.08.07},
}

@InProceedings{shi2008data,
  author       = {Tao Shi and Mikhail Belkin and Bin Yu},
  title        = {Data spectroscopy: Learning mixture models using eigenspaces of convolution operators},
  booktitle    = {Proceedings of the 25th International Conference on Machine Learning (ICML)},
  year         = {2008},
  pages        = {936--943},
  organization = {ACM},
  owner        = {liuyonghushan},
  timestamp    = {2015.09.13},
}

@InProceedings{lan2009generalization,
  author       = {Yanyan Lan and Tie-Yan Liu and Zhiming Ma and Hang Li},
  title        = {Generalization analysis of listwise learning-to-rank algorithms},
  booktitle    = {Proceedings of the 26th Annual International Conference on Machine Learning (ICML 2009)},
  year         = {2009},
  pages        = {577--584},
  organization = {ACM},
}

@InProceedings{varma2009more,
  author    = {Manik Varma and Bodla Rakesh Babu},
  title     = {More generality in efficient multiple kernel learning},
  booktitle = {Proceedings of the 26th Annual International Conference on Machine Learning (ICML 2009)},
  year      = {2009},
  pages     = {134--141},
  owner     = {Administrator},
  timestamp = {2013.04.17},
}

@InProceedings{daniely2014optimal,
  author    = {Amit Daniely and Shai Shalev-Shwartz},
  title     = {Optimal learners for multiclass problems},
  booktitle = {Proceedings of The 27th Conference on Learning Theory (COLT 2014)},
  year      = {2014},
  pages     = {287--316},
}

@InProceedings{cortes2010two,
  author    = {Corinna Cortes and Mehryar Mohri and Afshin Rostamizadeh},
  title     = {Two-stage learning kernel algorithms},
  booktitle = {Proceedings of the 27th Conference on Machine Learning (ICML 2010)},
  year      = {2010},
  pages     = {239--246},
  owner     = {Administrator},
  timestamp = {2012.02.16},
}

@InProceedings{OrabonaL11,
  author    = {Francesco Orabona and Jie Luo},
  title     = {Ultra-Fast Optimization Algorithm for Sparse Multi Kernel Learning},
  booktitle = {Proceedings of the 28th International Conference on Machine Learning (ICML 2011)},
  year      = {2011},
  pages     = {249--256},
}

@InProceedings{Jiang2011eigenvalue,
  author    = {Yi Jiang and Jiangtao Ren},
  title     = {Eigenvalue sensitive feature selection},
  booktitle = {Proceedings of the 28th International Conference on Machine Learning (ICML 2011)},
  year      = {2011},
  pages     = {89--96},
  owner     = {Administrator},
  timestamp = {2012.02.17},
}

@InProceedings{Shalev-ShwartzSS07,
  author    = {Shai Shalev{-}Shwartz and Yoram Singer and Nathan Srebro},
  title     = {Pegasos: Primal Estimated sub-GrAdient SOlver for {SVM}},
  booktitle = {Machine Learning, Proceedings of the Twenty-Fourth International Conference {(ICML} 2007), Corvallis, Oregon, USA, June 20-24, 2007},
  year      = {2007},
  pages     = {807--814},
}

@inproceedings{bottou1994comparison,
  title={Comparison of classifier methods: a case study in handwritten digit recognition},
  author={L{\'e}on Bottou and Corinna Cortes and John S Denker and Harris Drucker and Isabelle Guyon and Lawrence D Jackel and Yann LeCun and Urs A Muller and Edward Sackinger and Patrice Simard and others},
  booktitle={Pattern Recognition, 1994. Vol. 2-Conference B: Computer Vision \& Image Processing., Proceedings of the 12th IAPR International. Conference on},
  volume={2},
  pages={77--82},
  year={1994},
  organization={IEEE}
}

@InProceedings{cortes2013learning,
  author    = {Corinna Cortes and Marius Kloft and Mehryar Mohri},
  title     = {Learning kernels using local {Rademacher} complexity},
  booktitle = {Advances in Neural Information Processing Systems 25 (NIPS)},
  year      = {2013},
  pages     = {2760--2768},
}

@InProceedings{cortes2013multi,
  author    = {Corinna Cortes and Mehryar Mohri and Afshin Rostamizadeh},
  title     = {Multi-class classification with maximum margin multiple kernel},
  booktitle = {Proceedings of the 30th International Conference on Machine Learning (ICML 2013)},
  year      = {2013},
  pages     = {46--54},
}

@InProceedings{Kontorovich2014,
  author    = {Aryeh Kontorovich and Roi Weiss},
  title     = {Maximum margin multiclass nearest neighbors},
  booktitle = {Proceedings of the 31 st International Conference on Machine Learning (ICML)},
  year      = {2014},
}

@InProceedings{Liu2014eacvkmbif,
  author    = {Yong Liu and Shali Jiang and Shizhong Liao},
  title     = {Efficient approximation of cross-validation for kernel methods using {B}ouligand influence function},
  booktitle = {Proceedings of The 31st International Conference on Machine Learning (ICML 2014 (1))},
  year      = {2014},
  pages     = {324--332},
  owner     = {Administrator},
  timestamp = {2014.02.12},
}

@InProceedings{Scholkopf1997kpca,
  author    = {Bernhard Sch{\"o}lkopf and Alex J. Smola and KlausRobert M{\"u}ller},
  title     = {Kernel principal component analysis},
  booktitle = {Proceedings of the 7th International Conference on Artificial Neural Networks (ICANN 1997)},
  year      = {1997},
  pages     = {583--588},
  owner     = {Administrator},
  timestamp = {2012.02.16},
}

@InProceedings{joachims2002optimizing,
  author       = {Thorsten Joachims},
  title        = {Optimizing search engines using clickthrough data},
  booktitle    = {Proceedings of the Eighth ACM SIGKDD International Conference on Knowledge Discovery and Data Mining},
  year         = {2002},
  pages        = {133--142},
  organization = {ACM},
}

@InProceedings{beygelzimer2009conditional,
  author    = {Alina Beygelzimer and John Langford and Yuri Lifshits and Gregory Sorkin and Alex Strehl},
  title     = {Conditional probability tree estimation analysis and algorithms},
  booktitle = {Proceedings of the Twenty-Fifth Conference on Uncertainty in Artificial Intelligence},
  year      = {2009},
  pages     = {51--58},
}

@InProceedings{Rejchel2009rcm,
  author    = {Wojciech Rejchel},
  title     = {Ranking - convex risk minimization},
  booktitle = {Proceedings of WASET},
  year      = {2009},
  pages     = {172--178},
  owner     = {liuyonghushan},
  timestamp = {2015.09.02},
}

@InProceedings{OrabonaJC10,
  author    = {Francesco Orabona and Jie Luo and Barbara Caputo},
  title     = {Online-batch strongly convex Multi Kernel Learning},
  booktitle = {The Twenty-Third {IEEE} Conference on Computer Vision and Pattern Recognition (CVPR 2010)},
  year      = {2010},
  pages     = {787--794},
}

@TechReport{Debruyne2008rskbr,
  author      = {Michiel Debruyne and Andreas Christmann and Mia Hubert and Johan A.K. Suykens},
  title       = {Robustness and Stability of Reweighted Kernel Based Regression},
  institution = {KU Leuven},
  year        = {2008},
  owner       = {Administrator},
  timestamp   = {2013.06.20},
}

@inproceedings{OrabonaFCC10,
  author    = {Francesco Orabona and
               Marco Fornoni and
               Barbara Caputo and
               Nicol{\`{o}} Cesa{-}Bianchi},
  title     = {{OM-2:} An online multi-class Multi-Kernel Learning algorithm Luo
               Jie},
  booktitle = {{IEEE} Conference on Computer Vision and Pattern Recognition, {CVPR}
               Workshops 2010, San Francisco, CA, USA, 13-18 June, 2010},
  pages     = {43--50},
  year      = {2010}
}